<record><leader>00000cas a2200000 a 4500</leader><controlfield tag="001">9268008</controlfield><controlfield tag="008">830301d18591860couwr ne      0    0eng  </controlfield><datafield ind1=" " ind2=" " tag="010"><subfield code="a">sn 82016270 </subfield></datafield><datafield ind1=" " ind2=" " tag="040"><subfield code="a">DLC</subfield><subfield code="b">eng</subfield><subfield code="c">DLC</subfield><subfield code="d">NPT</subfield><subfield code="d">UNP</subfield><subfield code="d">DLC</subfield><subfield code="d">NJW</subfield><subfield code="d">CNQ</subfield><subfield code="d">YOX</subfield><subfield code="d">CNK</subfield><subfield code="d">OCL</subfield><subfield code="d">CVF</subfield><subfield code="d">DLC</subfield><subfield code="d">KRTAS</subfield><subfield code="d">DLC</subfield><subfield code="d">OCLCQ</subfield><subfield code="d">OCLCF</subfield></datafield><datafield ind1="1" ind2=" " tag="029"><subfield code="a">AU@</subfield><subfield code="b">000020225558</subfield></datafield><datafield ind1=" " ind2=" " tag="042"><subfield code="a">pcc</subfield></datafield><datafield ind1=" " ind2=" " tag="043"><subfield code="a">n-us-co</subfield></datafield><datafield ind1="0" ind2="0" tag="050"><subfield code="a">Newspaper 7211-X</subfield></datafield><datafield ind1="0" ind2="4" tag="245"><subfield code="a">The Western mountaineer.</subfield></datafield><datafield ind1="3" ind2="0" tag="246"><subfield code="a">Mountaineer</subfield></datafield><datafield ind1=" " ind2=" " tag="260"><subfield code="a">Golden City, Jefferson [Colo.] :</subfield><subfield code="b">G. West,</subfield><subfield code="c">1859-1860.</subfield></datafield><datafield ind1=" " ind2=" " tag="300"><subfield code="a">v.</subfield></datafield><datafield ind1=" " ind2=" " tag="310"><subfield code="a">Weekly</subfield></datafield><datafield ind1="0" ind2=" " tag="362"><subfield code="a">Vol. 1, no. 1 (Dec. 7, 1859)-v. 2, no. 26 (Dec. 20, 1860).</subfield></datafield><datafield ind1=" " ind2=" " tag="515"><subfield code="a">Suspended Apr. 25, 1860; resumed June 28, 1860.</subfield></datafield><datafield ind1=" " ind2="0" tag="651"><subfield code="a">Golden (Colo.)</subfield><subfield code="v">Newspapers.</subfield></datafield><datafield ind1=" " ind2="0" tag="651"><subfield code="a">Jefferson County (Colo.)</subfield><subfield code="v">Newspapers.</subfield></datafield><datafield ind1=" " ind2="7" tag="655"><subfield code="a">Newspapers.</subfield><subfield code="2">fast</subfield><subfield code="0">(OCoLC)fst01423814</subfield></datafield><datafield ind1=" " ind2="7" tag="651"><subfield code="a">Colorado</subfield><subfield code="z">Golden.</subfield><subfield code="2">fast</subfield><subfield code="0">(OCoLC)fst01206057</subfield></datafield><datafield ind1=" " ind2="7" tag="651"><subfield code="a">Colorado</subfield><subfield code="z">Jefferson County.</subfield><subfield code="2">fast</subfield><subfield code="0">(OCoLC)fst01207621</subfield></datafield><datafield ind1=" " ind2=" " tag="752"><subfield code="a">United States</subfield><subfield code="b">Colorado</subfield><subfield code="c">Jefferson</subfield><subfield code="d">Golden.</subfield></datafield><datafield ind1="0" ind2="0" tag="780"><subfield code="t">Rocky Mountain gold reporter and Mountain City herald</subfield><subfield code="w">(DLC)sn 84020676</subfield><subfield code="w">(OCoLC)11380354</subfield></datafield><datafield ind1="0" ind2="4" tag="785"><subfield code="t">Canon times</subfield><subfield code="w">(DLC)sn 83016752</subfield><subfield code="w">(OCoLC)10094661</subfield></datafield><datafield ind1=" " ind2=" " tag="938"><subfield code="a">Kirtas Technologies, Inc.</subfield><subfield code="b">KRTS</subfield><subfield code="n">736212</subfield></datafield></record>